@article{NameUeda05,
  title={General Purpose Road Traffic Simulation System with a Cell Automaton Model },
  author={M. Namekawa, F. Ueda, Y. Hioki, Y. Ueda, A. Satoh },
  journal={},
  volume={},
  number={},
  pages={3002--3008},
  year={2005}
},

@article{SewWilMer10,
  title={Continuum Traffic Simulation},
  author={J. Sewall, D. Wilkie, P. Merrell, M. C. Lin},
  journal={EUROGRAPHICS },
  volume={29},
  number={2},
  pages={},
  year={2010}
},